<?xml version="1.0" encoding="UTF-8"?><collection xmlns="http://www.loc.gov/MARC21/slim"><record><leader>00432nam--2200145-i-4500</leader><controlfield tag="001">000011060</controlfield><controlfield tag="002">20161230</controlfield><controlfield tag="005">20170208172652</controlfield><controlfield tag="008">060222s1000------------r-----000-0-eng-d</controlfield><datafield ind1=" " ind2=" " tag="100"><subfield code="a">Cristu, M</subfield></datafield><datafield ind1=" " ind2=" " tag="245"><subfield code="a">Mecanismul fisiunii induse cu neutroni termici si rapizi in nucleele 235,238u si 239pu</subfield></datafield><datafield ind1=" " ind2=" " tag="260"><subfield code="a">Bucharest</subfield><subfield code="b">Institutul De Fizica Atomica</subfield><subfield code="c">1974</subfield></datafield><datafield ind1=" " ind2=" " tag="300"><subfield code="a">71 p</subfield></datafield><datafield ind1=" " ind2=" " tag="852"><subfield code="a">539.173.4(047.1)</subfield></datafield><datafield ind1=" " ind2=" " tag="CAT"><subfield code="a">SYS</subfield><subfield code="c">20170208</subfield><subfield code="h">172652</subfield></datafield></record></collection>